<?xml version="1.0" encoding="UTF-8"?><collection><record><leader>07271ntm a2200541 a 4500</leader><controlfield tag="001">006803904</controlfield><controlfield tag="003">MiAaHDL</controlfield><controlfield tag="005">20190719000000.0</controlfield><controlfield tag="006">m        d        </controlfield><controlfield tag="007">cr bn ---auaua</controlfield><controlfield tag="008">090527s1673    sy            00| ||ara d</controlfield><datafield tag="035" ind1=" " ind2=" "><subfield code="a">(MiU)006803904</subfield></datafield><datafield tag="035" ind1=" " ind2=" "><subfield code="a">sdr-miu006803904</subfield></datafield><datafield tag="040" ind1=" " ind2=" "><subfield code="a">MiU</subfield><subfield code="c">MiU</subfield><subfield code="e">amremm</subfield></datafield><datafield tag="043" ind1=" " ind2=" "><subfield code="a">n-us-mi</subfield></datafield><datafield tag="100" ind1="1" ind2=" "><subfield code="6">880-01</subfield><subfield code="a">Khaṭīb al-Tamartāshī, Muḥammad ibn ʻAbd Allāh,</subfield><subfield code="d">1532 or 1533-1595 or 1596.</subfield></datafield><datafield tag="245" ind1="1" ind2="0"><subfield code="6">880-03</subfield><subfield code="a">Tanwīr al-abṣār wa-jāmiʻ al-biḥār,</subfield><subfield code="f">[1084, i.e. 1673].</subfield></datafield><datafield tag="260" ind1=" " ind2=" "><subfield code="a">[Latakia?,</subfield><subfield code="c">1673].</subfield></datafield><datafield tag="300" ind1=" " ind2=" "><subfield code="a">98 leaves :</subfield><subfield code="b">paper ;</subfield><subfield code="c">205 x 153 (147 x 81) mm.</subfield></datafield><datafield tag="500" ind1=" " ind2=" "><subfield code="a">Shelfmark: Ann Arbor, University of Michigan, Special Collections Library, Isl. Ms. 565</subfield></datafield><datafield tag="500" ind1=" " ind2=" "><subfield code="a">Origin: As appears in colophon on p.191, copied by Muḥammad al-Jabalāwī ibn Muḥammad al-Miṣrī while residing in al-Lādhiqīyah (Latakia) with transcription completed 2 Muḥarram 1084 [ca. 19 April 1673].</subfield></datafield><datafield tag="500" ind1=" " ind2=" "><subfield code="a">Accompanying materials: Acquisitions slip from Yahuda.</subfield></datafield><datafield tag="500" ind1=" " ind2=" "><subfield code="a">Former shelfmark: From interior of upper cover and spine label "IL 61" (likely supplied by Yahuda see acquisitions slip).</subfield></datafield><datafield tag="500" ind1=" " ind2=" "><subfield code="a">Binding: Pasteboards covered in brown leather with dark red leather over spine ; Type II binding (once with flap, now lost) ; board linings (doublures) in comb marbled paper (in blue, red, white, etc.) ; upper and lower covers carry blind-stamped mandorla (filled with simply assymetric vegetal composition, compare Déroche class. OAi) and pendants, as well as tooled border ; sewn in dull yellow thread, two stations ; worked chevron endbands in dull yellow and lime green, in poor condition with significant losses to headband ; overall in quite poor condition with loss of flap, significant abrasion, staining, delamination of boards (lower board almost fully delaminated several sheets in, only edge repair holds two sections together), pest damage, lifting and losses of leather, etc. ; repairs in dark red-brown leather (particularly to edges of lower board) ; housed in box for protection.</subfield></datafield><datafield tag="500" ind1=" " ind2=" "><subfield code="a">Support: European laid paper with 10-11 laid lines per cm. (vertical), chain lines spaced roughly 23 and 34 mm. apart (as though grouped in twos, horizontal) and coat of arms watermark with cross surmounted by crown and flanked by lions above two circles, "M B" in upper circle, nothing visible in lower (roughly 85 mm. tall, see pp.44-45, 64-65, etc. somewhat similar to Heawood 741) ; well-burnished, thin and crisp though sturdy, fairly translucent, dark cream in color ; staining and tide lines.</subfield></datafield><datafield tag="500" ind1=" " ind2=" "><subfield code="a">Decoration: Keywords and section headings rubricated.</subfield></datafield><datafield tag="500" ind1=" " ind2=" "><subfield code="a">Script: Naskh ; small, compact 'Syrian' hand in a narrow line ; partially though irregularly serriffed (mainly on lām of definite article) with effect of tilt to the left and slight effect of words descending to basline, curvilinear descenders, pointing mainly in distinct dots, many closed counters, kāf mashqūqah preferred (even final kāf).</subfield></datafield><datafield tag="500" ind1=" " ind2=" "><subfield code="a">Layout: Written in 25 lines per page ; frame-ruled.</subfield></datafield><datafield tag="500" ind1=" " ind2=" "><subfield code="a">Collation: V-2 (8), 9 V(98) ; chiefly quinions ; catchwords present ; foliation in brown ink, Hindu-Arabic numerals ; pagination in pencil, Western numerals, supplied during digitization (skips two leaves each between pp.5-6 and pp.67-68).</subfield></datafield><datafield tag="500" ind1=" " ind2=" "><subfield code="a">Colophon: "Scribal," triangular, reads "وقد وقع الفراغ من هذه النسخة الشريفة ضحوة يوم الجمعة ثاني شهر الله المحرم الحرام من شهور سنة اربع وثمانين والف من الهجرة النبوية على يد اضعف عباد الله ... محمد الجبلاوي نزيل ثغر اللاذقية بن المرحوم ... الشيخ محمد المصري ...[؟] غفر الله له ولوالديه تم"</subfield></datafield><datafield tag="500" ind1=" " ind2=" "><subfield code="a">Explicit: "ثم قسم الباقي على سهام من بقي منهم والله سبحانه وتعالى اعلم بالصواب والحمد لله فقد تم الكتاب ... وصلى على سيدنا محمد واله وصحبه"</subfield></datafield><datafield tag="500" ind1=" " ind2=" "><subfield code="a">Incipit: " حمد لمن احكم احكام الشرع الشريف وأعلى مناره وأعز من قام باعبائه وأغلى مقادره ... وبعد فيقول الشيخ الامام ... شمس الدين محمد بن المرحوم شيخ الاسلام ... عبد الله ابن المرحوم شيخ الاسلام ... شهاب الدين احمد ابن تمرتاش الحنفي ... لما رأيت الهمم مائلة الى المختصرات المضبوطة راغبة عن الكتب المبسوطة اردت ان اكتب كتابا مشتملا على كثير من مسائل المتون المعتمدة محيطا بفوائد نفيسة عنها اكثر المختصرات ... وسميته بتنوير الابصار وجامع البحار ..."</subfield></datafield><datafield tag="500" ind1=" " ind2=" "><subfield code="a">Title from inscription on 'title page' (p.1) and opening on p.2.</subfield></datafield><datafield tag="500" ind1=" " ind2=" "><subfield code="a">Ms. codex.</subfield></datafield><datafield tag="510" ind1="4" ind2=" "><subfield code="a">Brockelmann, C. GAL,</subfield><subfield code="c">II 311</subfield></datafield><datafield tag="520" ind1="8" ind2=" "><subfield code="a">Fine copy of the compendium of Ḥanafī law by Shams al-Dīn Muḥammad ibn ʻAbd Allāh al-Timirtāshī (d.1595). Followed by legal question posed to Abū al-Saʻūd (p.192). Volume likely once contained additional material though now lacking several quires from close.</subfield></datafield><datafield tag="538" ind1=" " ind2=" "><subfield code="a">Mode of access: Internet.</subfield></datafield><datafield tag="541" ind1=" " ind2=" "><subfield code="a">Acquired in 1926 from the bookseller Isaac Benjamin S.E. Yahuda via purchase transacted on his behalf by his younger brother, the famous Orientalist and manuscript collector Abraham Shalom Yahuda (1877-1951).</subfield></datafield><datafield tag="546" ind1=" " ind2=" "><subfield code="a">Arabic.</subfield></datafield><datafield tag="561" ind1=" " ind2=" "><subfield code="a">Partially effaced ownership statement in brown ink on 'title page' repair (p.1) ; waqf statement on 'title page' (p.1) dated Ṣafar 1219 [May-June 1804] endowed by Ṣāliḥ al-Ṭawīl from the estate of his grandfather [?] al-Shaykh al-Ṣāliḥ Aḥmad al-ʻAwfī [?] reads "اوقفه صالح الطويل عفي الله عنه على طلبة العلم بالوكالة عن ورثة جده لامه الشيخ صالح احمد العوفي [؟] رحمه الله في صفر سنة ۱۲۱۹ لا يباع ولا يوهب ولا يرهن ولا يعطى الا برهن وتقبل الله ذلك آمين" ; collation statement at close on p.191 dated 1085 [1674 or 5] reads "بلغ مقابلة بحسب الطاقة على نسخة [؟] صحيحة ان شاء الله سنة خمس وثمانين والف" ; many marginal glosses and collation marks ; occasional interlinear and marginal corrections ; notablia (side-heads), some rubricated.</subfield></datafield><datafield tag="650" ind1=" " ind2="0"><subfield code="a">Manuscripts, Arabic</subfield><subfield code="z">Michigan</subfield><subfield code="z">Ann Arbor.</subfield></datafield><datafield tag="650" ind1=" " ind2="0"><subfield code="a">Hanafites</subfield><subfield code="v">Early works to 1800.</subfield></datafield><datafield tag="650" ind1=" " ind2="0"><subfield code="a">Islamic law</subfield><subfield code="x">Interpretation and construction</subfield><subfield code="v">Early works to 1800.</subfield></datafield><datafield tag="700" ind1="0" ind2=" "><subfield code="6">880-05</subfield><subfield code="a">Muḥammad ibn Muḥammad al-Jabalāwī,</subfield><subfield code="d">fl. 1673,</subfield><subfield code="e">scribe.</subfield></datafield><datafield tag="773" ind1="0" ind2=" "><subfield code="a">Yahuda Collection.</subfield></datafield><datafield tag="880" ind1="0" ind2=" "><subfield code="6">700-05/</subfield><subfield code="a">محمد بن محمد الجبلاوي،</subfield><subfield code="e">ناسخ.</subfield></datafield><datafield tag="880" ind1="1" ind2="0"><subfield code="6">245-03/</subfield><subfield code="a">تنوير الابصار وجامع البحار،</subfield><subfield code="f">[1084ه, 1673م].</subfield></datafield><datafield tag="880" ind1="1" ind2=" "><subfield code="6">100-01/</subfield><subfield code="a">.خطيب التمرتاشي، محمد بن عبد الله</subfield></datafield><datafield tag="CID" ind1=" " ind2=" "><subfield code="a">006803904</subfield></datafield><datafield tag="DAT" ind1="0" ind2=" "><subfield code="a">20190719102636.0</subfield><subfield code="b">20190719000000.0</subfield></datafield><datafield tag="DAT" ind1="1" ind2=" "><subfield code="a">20190719090653.0</subfield><subfield code="b">2019-07-19T16:11:42Z</subfield></datafield><datafield tag="DAT" ind1="2" ind2=" "><subfield code="a">2015-10-02T18:00:03Z</subfield></datafield><datafield tag="CAT" ind1=" " ind2=" "><subfield code="a">SDR-MIU</subfield><subfield code="d">EX LIBRIS - ALEPH</subfield><subfield code="l">prepare.pl-004-008</subfield></datafield><datafield tag="FMT" ind1=" " ind2=" "><subfield code="a">BK</subfield></datafield><datafield tag="HOL" ind1=" " ind2=" "><subfield code="0">sdr-miu006803904</subfield><subfield code="a">MiU</subfield><subfield code="b">SDR</subfield><subfield code="c">MIU</subfield><subfield code="p">mdp.39015079126606</subfield><subfield code="s">MIU</subfield><subfield code="1">006803904</subfield></datafield><datafield tag="974" ind1=" " ind2=" "><subfield code="b">MIU</subfield><subfield code="c">MIU</subfield><subfield code="d">20190719</subfield><subfield code="s">lit-dlps-dc</subfield><subfield code="u">mdp.39015079126606</subfield><subfield code="y">1673</subfield><subfield code="r">pd</subfield><subfield code="q">bib</subfield><subfield code="t">non-US bib date1 &lt; 1896</subfield></datafield></record></collection>